<?xml version="1.0" encoding="UTF-8"?>
<record xmlns="http://www.loc.gov/MARC21/slim" xmlns:xsi="http://www.w3.org/2001/XMLSchema-instance" xsi:schemaLocation="http://www.loc.gov/MARC21/slim http://www.loc.gov/standards/marcxml/schema/MARC21slim.xsd">
<leader>     nam a22003130  4500</leader>
<controlfield tag="001">002772021</controlfield>
<controlfield tag="003">NNU</controlfield>
<controlfield tag="005">19940713181853.0</controlfield>
<controlfield tag="008">860715s1982    ir       d    000 0 arar</controlfield>
<datafield tag="010" ind1=" " ind2=" ">
<subfield code="a">85930072/NE</subfield>
</datafield>
<datafield tag="020" ind1=" " ind2=" ">
<subfield code="c">2400.00IR (set)</subfield>
</datafield>
<datafield tag="035" ind1="9" ind2=" ">
<subfield code="a">NYUb10474441</subfield>
</datafield>
<datafield tag="035" ind1=" " ind2=" ">
<subfield code="a">(CStRLIN)NYUG86-B24374</subfield>
</datafield>
<datafield tag="035" ind1=" " ind2=" ">
<subfield code="a">GLIS00474441X</subfield>
</datafield>
<datafield tag="040" ind1=" " ind2=" ">
<subfield code="d">CStRLIN</subfield>
</datafield>
<datafield tag="041" ind1="0" ind2=" ">
<subfield code="a">araper</subfield>
</datafield>
<datafield tag="050" ind1="0" ind2=" ">
<subfield code="a">BP133</subfield>
<subfield code="b">.Q26 1982</subfield>
</datafield>
<datafield tag="090" ind1=" " ind2=" ">
<subfield code="a">BP133</subfield>
<subfield code="b">.Q26 1982</subfield>
<subfield code="i">07/15/86 CT</subfield>
</datafield>
<datafield tag="100" ind1="1" ind2=" ">
<subfield code="a">Qarshī, ʻAlī Akbar.</subfield>
</datafield>
<datafield tag="245" ind1="1" ind2="0">
<subfield code="a">Qāmūs-i Qurʼān /</subfield>
<subfield code="c">tāʼlīf-i ʻAlī Akbar Qarshī.</subfield>
</datafield>
<datafield tag="250" ind1=" " ind2=" ">
<subfield code="a">Chāp-i 3.</subfield>
</datafield>
<datafield tag="260" ind1=" " ind2=" ">
<subfield code="a">Ṭihrān :</subfield>
<subfield code="b">Dār al-Kutub al-Islāmīyah,</subfield>
<subfield code="c">1361 [1982 or 1983]</subfield>
</datafield>
<datafield tag="300" ind1=" " ind2=" ">
<subfield code="a">7 v. in 3 ;</subfield>
<subfield code="c">25 cm.</subfield>
</datafield>
<datafield tag="500" ind1=" " ind2=" ">
<subfield code="a">Arabic and Persian.</subfield>
</datafield>
<datafield tag="630" ind1="0" ind2="0">
<subfield code="a">Koran</subfield>
<subfield code="v">Dictionaries</subfield>
<subfield code="x">Arabic.</subfield>
</datafield>
<datafield tag="650" ind1=" " ind2="0">
<subfield code="a">Arabic language</subfield>
<subfield code="v">Dictionaries</subfield>
<subfield code="x">Persian.</subfield>
</datafield>
<datafield tag="OWN" ind1=" " ind2=" ">
<subfield code="a">GENERAL</subfield>
</datafield>
<datafield tag="950" ind1=" " ind2=" ">
<subfield code="l">BMAIN</subfield>
<subfield code="n">455:sl Unanalyzed</subfield>
<subfield code="i">07/15/86 C</subfield>
</datafield>
<datafield tag="955" ind1=" " ind2=" ">
<subfield code="l">BMAIN</subfield>
<subfield code="c">1:(v.5-7)</subfield>
<subfield code="s">Library use only</subfield>
<subfield code="i">07/15/86 C</subfield>
</datafield>
<datafield tag="955" ind1=" " ind2=" ">
<subfield code="l">BMAIN</subfield>
<subfield code="c">1:(v.3-4)</subfield>
<subfield code="s">Library use only</subfield>
<subfield code="i">07/15/86 C</subfield>
</datafield>
<datafield tag="955" ind1=" " ind2=" ">
<subfield code="l">BMAIN</subfield>
<subfield code="c">1:(v.1-2)</subfield>
<subfield code="s">Library use only</subfield>
<subfield code="i">07/15/86 C</subfield>
</datafield>
<datafield tag="AVA" ind1=" " ind2=" ">
<subfield code="a">NYU50</subfield>
<subfield code="b">BOBST</subfield>
<subfield code="c">Main Collection</subfield>
<subfield code="d">BP133 .Q26 1982</subfield>
<subfield code="e">unavailable</subfield>
<subfield code="t">Unavailable</subfield>
<subfield code="f">3</subfield>
<subfield code="g">3</subfield>
<subfield code="h">Y</subfield>
<subfield code="i">0</subfield>
<subfield code="j">MAIN</subfield>
</datafield>
</record>
